<?xml version="1.0" encoding="UTF-8"?><collection xmlns="http://www.loc.gov/MARC21/slim"><record><leader>00380nam--2200121-i-4500</leader><controlfield tag="001">000000207</controlfield><controlfield tag="002">20161230</controlfield><controlfield tag="005">20161230201023</controlfield><controlfield tag="008">060222s1000------------r-----000-0-eng-d</controlfield><datafield ind1=" " ind2=" " tag="100"><subfield code="a">Fronteau, J</subfield></datafield><datafield ind1=" " ind2=" " tag="245"><subfield code="a">Some aspects of trace - space computation for high-energy charged particle beams</subfield></datafield><datafield ind1=" " ind2=" " tag="260"><subfield code="a">Geneva, European Organization For Nuclear Research.  89 P. + 35 Fig</subfield></datafield><datafield ind1=" " ind2=" " tag="852"><subfield code="a">24527</subfield></datafield></record></collection>